@article{ioannidis2005most,
  title={Why most published research findings are false},
  author={Ioannidis, John PA},
  journal={PLoS medicine},
  volume={2},
  number={8},
  pages={e124},
  year={2005},
  publisher={Public Library of Science}
}
@book{ritchie2020science,
  title={Science fictions: Exposing fraud, bias, negligence and hype in science},
  author={Ritchie, Stuart},
  year={2020},
  publisher={Random House}
}
@inproceedings{saculinggan2013empirical,
  title={Empirical power comparison of goodness of fit tests for normality in the presence of outliers},
  author={Saculinggan, Mayette and Balase, Emily Amor},
  booktitle={Journal of Physics: Conference Series},
  volume={435},
  number={1},
  pages={012041},
  year={2013},
  organization={IOP Publishing}
}
@article{cumming2009inference,
  title={Inference by eye: reading the overlap of independent confidence intervals},
  author={Cumming, Geoff},
  journal={Statistics in medicine},
  volume={28},
  number={2},
  pages={205--220},
  year={2009},
  publisher={Wiley Online Library}
}
@article{Ioannidis2019,
author = {Ioannidis, John P. A.},
doi = {10.1080/00031305.2018.1447512},
file = {:Users/storopoli/Documents/Mendeley Desktop/Ioannidis - 2019 - What Have We (Not) Learnt from Millions of Scientific Papers with iPi Values.pdf:pdf},
issn = {0003-1305},
journal = {The American Statistician},
mendeley-groups = {Statistics,Disciplina de M{\'{e}}todos Quanti,Disciplina de M{\'{e}}todos Quanti/B{\'{a}}sicos},
month = {mar},
number = {sup1},
pages = {20--25},
title = {{What Have We (Not) Learnt from Millions of Scientific Papers with {\textless}i{\textgreater}P{\textless}/i{\textgreater} Values?}},
url = {https://www.tandfonline.com/doi/full/10.1080/00031305.2018.1447512},
volume = {73},
year = {2019}
}
@article{Baird1983,
 ISSN = {00070882, 14643537},
 URL = {http://www.jstor.org/stable/687444},
 author = {Davis Baird},
 journal = {The British Journal for the Philosophy of Science},
 number = {2},
 pages = {105--118},
 publisher = {[Oxford University Press, The British Society for the Philosophy of Science]},
 title = {The Fisher/Pearson Chi-Squared Controversy: A Turning Point for Inductive Inference},
 volume = {34},
 year = {1983}
}
@article{stigler2007epic,
  title={The epic story of maximum likelihood},
  author={Stigler, Stephen M and others},
  journal={Statistical Science},
  volume={22},
  number={4},
  pages={598--620},
  year={2007},
  publisher={Institute of Mathematical Statistics}
}
@book{fisher1925statistical,
  title={Statistical methods for research workers},
  author={Fisher, Ronald Aylmer},
  year={1925},
  publisher={Oliver and Boyd}
}
@article{head2015extent,
  title={The extent and consequences of p-hacking in science},
  author={Head, Megan L and Holman, Luke and Lanfear, Rob and Kahn, Andrew T and Jennions, Michael D},
  journal={PLoS Biol},
  volume={13},
  number={3},
  pages={e1002106},
  year={2015},
  publisher={Public Library of Science}
}
@article{rosnow1989statistical,
  title={Statistical procedures and the justification of knowledge in psychological science},
  author={Rosnow, Ralph L and Rosenthal, Robert},
  journal={American Psychologist},
  volume={44},
  pages={1276--1284},
  year={1989},
  publisher={American Psychological Association (PsycARTICLES)}
}
@article{Morey2016,
author = {Morey, Richard D. and Hoekstra, Rink and Rouder, Jeffrey N. and Lee, Michael D. and Wagenmakers, Eric-Jan},
doi = {10.3758/s13423-015-0947-8},
issn = {1069-9384},
journal = {Psychonomic Bulletin {\&} Review},
keywords = {Bayesian inference and parameter estimation,Bayesian statistics,Statistical inference,Statistics},
mendeley-groups = {Statistics Bayesian},
month = {feb},
number = {1},
pages = {103--123},
publisher = {Springer New York LLC},
title = {{The fallacy of placing confidence in confidence intervals}},
url = {http://link.springer.com/10.3758/s13423-015-0947-8},
volume = {23},
year = {2016}
}
@manual{downey2016,
 title  = "Probably Overthinking It: There is still only one test",
 author = "Allen Downey",
 url    = "http://allendowney.blogspot.com/2016/06/there-is-still-only-one-test.html",
 year   = "2016"
}
@article{cobb2007introductory,
  title={The introductory statistics course: A Ptolemaic curriculum?},
  author={Cobb, George W},
  journal={Technology innovations in statistics education},
  volume={1},
  number={1},
  year={2007}
}
@article{Hoekstra2014,
author = {Hoekstra, Rink and Morey, Richard D and Rouder, Jeffrey N and Wagenmakers, Eric-Jan},
doi = {10.3758/s13423-013-0572-3},
issn = {1531-5320},
journal = {Psychonomic Bulletin {\&} Review},
mendeley-groups = {Statistics Bayesian},
number = {5},
pages = {1157--1164},
title = {{Robust misinterpretation of confidence intervals}},
url = {https://doi.org/10.3758/s13423-013-0572-3},
volume = {21},
year = {2014}
}
@article{neyman1937outline,
  title={Outline of a theory of statistical estimation based on the classical theory of probability},
  author={Neyman, Jerzy},
  journal={Philosophical Transactions of the Royal Society of London. Series A, Mathematical and Physical Sciences},
  volume={236},
  number={767},
  pages={333--380},
  year={1937},
  publisher={The Royal Society London}
}
@article{neyman1933,
  title={On the problem of the most efficient tests of statistical hypotheses},
  author={Neyman, Jerzy and Pearson, Egon Sharpe},
  journal={Philosophical Transactions of the Royal Society of London. Series A, Containing Papers of a Mathematical or Physical Character},
  volume={231},
  number={694-706},
  pages={289--337},
  year={1933},
  publisher={The Royal Society London}
}
@Manual{postcards,
  title = {postcards: Create Beautiful, Simple Personal Websites},
  author = {Sean Kross},
  year = {2021},
  note = {R package version 0.2.0},
  url = {https://CRAN.R-project.org/package=postcards},
}

@Manual{vitae,
  title = {vitae: Curriculum Vitae for R Markdown},
  author = {Mitchell O'Hara-Wild and Rob Hyndman},
  year = {2021},
  note = {R package version 0.4.1},
  url = {https://CRAN.R-project.org/package=vitae},
}
